@inproceedings{malhotra2016tomographic,
  title={Tomographic reconstruction from projections with unknown view angles exploiting moment-based relationships},
  author={Malhotra, Eeshan and Rajwade, Ajit},
  booktitle={Image Processing (ICIP), 2016 IEEE International Conference on},
  pages={1759--1763},
  year={2016},
  organization={IEEE}
}

@book{natterer1986mathematics,
  title={The mathematics of computerized tomography},
  author={Natterer, Frank},
  year={2001},
  publisher={Siam}
}

@article{wang2017cryo_crystal,
  title={How cryo-electron microscopy and X-ray crystallography complement each other},
  author={Wang, Hong-Wei and Wang, Jia-Wei},
  journal={Protein Science},
  volume={26},
  number={1},
  pages={32--39},
  year={2017},
  publisher={Wiley Online Library}
}

@article{diebolder2012pushing,
  title={Pushing the resolution limits in cryo electron tomography of biological structures},
  author={DIEBOLDER, CHRISTOPH and Koster, Abraham J and Koning, Roman I and others},
  journal={Journal of microscopy},
  volume={248},
  number={1},
  pages={1--5},
  year={2012},
  publisher={Wiley Online Library}
}

@article{sigworth2016principles,
  title={Principles of cryo-EM single-particle image processing},
  author={Sigworth, Fred J},
  journal={Microscopy},
  volume={65},
  number={1},
  pages={57--67},
  year={2016},
  publisher={Oxford University Press}
}

@inproceedings{chen2012detection,
  title={Detection and identification of macromolecular complexes in cryo-electron tomograms using support vector machines},
  author={Chen, Yuxiang and Hrabe, Thomas and Pfeffer, Stefan and Pauly, Olivier and Mateus, Diana and Navab, Nassir and F{\"o}rster, Friedrich},
  booktitle={Biomedical Imaging (ISBI), 2012 9th IEEE International Symposium on},
  pages={1373--1376},
  year={2012},
  organization={IEEE}
}

@article{bruggemann2017exploring,
  title={Exploring Applications of Crowdsourcing to Cryo-EM},
  author={Bruggemann, Jacob and Lander, Gabriel C and Su, Andrew I},
  journal={bioRxiv},
  pages={220145},
  year={2017},
  publisher={Cold Spring Harbor Laboratory}
}

@article{scheres2012relion,
  title={RELION: implementation of a Bayesian approach to cryo-EM structure determination},
  author={Scheres, Sjors HW},
  journal={Journal of structural biology},
  volume={180},
  number={3},
  pages={519--530},
  year={2012},
  publisher={Elsevier}
}
@inproceedings{meng2017relational,
  title={Relational autoencoder for feature extraction},
  author={Meng, Qinxue and Catchpoole, Daniel and Skillicom, David and Kennedy, Paul J},
  booktitle={Neural Networks (IJCNN), 2017 International Joint Conference on},
  pages={364--371},
  year={2017},
  organization={IEEE}
}
@article{vgg16_simonyan2014very,
  title={Very deep convolutional networks for large-scale image recognition},
  author={Simonyan, Karen and Zisserman, Andrew},
  journal={arXiv preprint arXiv:1409.1556},
  year={2014}
}
@inproceedings{xiao2017fastrcnn,
  title={A fast method for particle picking in cryo-electron micrographs based on fast R-CNN},
  author={Xiao, Yifan and Yang, Guangwen},
  booktitle={AIP Conference Proceedings},
  volume={1836},
  pages={020080},
  year={2017},
  organization={AIP Publishing}
}
@inproceedings{girshick2015fast,
  title={Fast r-cnn},
  author={Girshick, Ross},
  booktitle={Proceedings of the IEEE international conference on computer vision},
  pages={1440--1448},
  year={2015}
}
@inproceedings{ren2015faster,
  title={Faster r-cnn: Towards real-time object detection with region proposal networks},
  author={Ren, Shaoqing and He, Kaiming and Girshick, Ross and Sun, Jian},
  booktitle={Advances in neural information processing systems},
  pages={91--99},
  year={2015}
}
@inproceedings{girshick2014richrcnn,
  title={Rich feature hierarchies for accurate object detection and semantic segmentation},
  author={Girshick, Ross and Donahue, Jeff and Darrell, Trevor and Malik, Jitendra},
  booktitle={Proceedings of the IEEE conference on computer vision and pattern recognition},
  pages={580--587},
  year={2014}
}
@article{ketola2011algorith_3dmoment,
  title={An algorithm for recovering unknown projection orientations and shifts in 3-D tomography},
  author={Ketola, Jaakko and Lamberg, Lars},
  journal={Inverse Problems \& Imaging},
  volume={5},
  number={1},
  pages={75--93},
  year={2011}
}
@inproceedings{mallick2006structure,
  title={Structure and view estimation for tomographic reconstruction: A Bayesian approach},
  author={Mallick, Satya P and Agarwal, Sameer and Kriegman, David J and Belongie, Serge J and Carragher, Bridget and Potter, Clinton S},
  booktitle={null},
  pages={2253--2260},
  year={2006},
  organization={IEEE}
}
@article{van1987angular,
  title={Angular reconstitution: a posteriori assignment of projection directions for 3D reconstruction},
  author={Van Heel, Marin},
  journal={Ultramicroscopy},
  volume={21},
  number={2},
  pages={111--123},
  year={1987},
  publisher={Elsevier}
}
@article{malhotra2017signal,
  title={Signal Recovery in Perturbed Fourier Compressed Sensing},
  author={Malhotra, Eeshan and Pandotra, Himanshu and Rajwade, Ajit and Gurumoorthy, Karthik S},
  journal={arXiv preprint arXiv:1708.01398},
  year={2017}
}
@article{basu2000feasibility,
  title={Feasibility of tomography with unknown view angles},
  author={Basu, Samit and Bresler, Yoram},
  journal={IEEE Transactions on Image Processing},
  volume={9},
  number={6},
  pages={1107--1122},
  year={2000},
  publisher={IEEE}
}
@article{wang2016deeppicker,
  title={DeepPicker: A deep learning approach for fully automated particle picking in cryo-EM},
  author={Wang, Feng and Gong, Huichao and Liu, Gaochao and Li, Meijing and Yan, Chuangye and Xia, Tian and Li, Xueming and Zeng, Jianyang},
  journal={Journal of structural biology},
  volume={195},
  number={3},
  pages={325--336},
  year={2016},
  publisher={Elsevier}
}

@inproceedings{dabov2009BM3D,
  title={BM3D image denoising with shape-adaptive principal component analysis},
  author={Dabov, Kostadin and Foi, Alessandro and Katkovnik, Vladimir and Egiazarian, Karen},
  booktitle={SPARS'09-Signal Processing with Adaptive Sparse Structured Representations},
  year={2009}
}
@article{lebrun2012BM3Danalysis,
  title={An analysis and implementation of the BM3D image denoising method},
  author={Lebrun, Marc},
  journal={Image Processing On Line},
  volume={2},
  pages={175--213},
  year={2012}
}
@article{fessler2003NUFFT,
  title={Nonuniform fast Fourier transforms using min-max interpolation},
  author={Fessler, Jeffrey A and Sutton, Bradley P},
  journal={IEEE transactions on signal processing},
  volume={51},
  number={2},
  pages={560--574},
  year={2003},
  publisher={IEEE}
}

@article{singer2009threeAngleEstimate,
  title={Three-dimensional structure determination from common lines in cryo-EM by eigenvectors and semidefinite programming},
  author={Singer, A and Shkolnisky, Y},
  year={2009},
  publisher={Citeseer}
}

@inproceedings{wang2018improvingAngleEstimate,
  title={Improving Initial Model Construction in Single Particle Cryo-EM by Filtering Out Low Quality Projection Images},
  author={Wang, Zhijuan and Lu, Yonggang},
  booktitle={International Conference on Intelligent Computing},
  pages={589--600},
  year={2018},
  organization={Springer}
}

@article{sigworthcryoAngleEstimate,
  title={Cryo-EM Structure Determination through Eigenvectors of Sparse Matrices Ronald. R. Coifman Yoel Shkolnisky},
  author={Sigworth, Fred J and Singer, Amit}
}

@article{reddy1996fft,
  title={An FFT-based technique for translation, rotation, and scale-invariant image registration},
  author={Reddy, B Srinivasa and Chatterji, Biswanath N},
  journal={IEEE transactions on image processing},
  volume={5},
  number={8},
  pages={1266--1271},
  year={1996},
  publisher={IEEE}
}
